<?xml version="1.0" encoding="UTF-8"?>
<SOAP-ENV:Envelope xmlns:SOAP-ENV="http://schemas.xmlsoap.org/soap/envelope/" xmlns:of="http://oss.dbc.dk/ns/openformat" xmlns:ofo="http://oss.dbc.dk/ns/openformatoutput"><SOAP-ENV:Body><of:formatResponse><marc21><mx:record xmlns:mx="http://www.loc.gov/MARC21/slim" format="MARC21" type="Bibliographic"><mx:leader>00000nam a22000000c 4500</mx:leader><mx:controlfield tag="008">980921s1997    dk |||||      00||| dan|d</mx:controlfield><mx:datafield ind1=" " ind2=" " tag="020"><mx:subfield code="a">(Hf.)</mx:subfield><mx:subfield code="c">gratis</mx:subfield></mx:datafield><mx:datafield ind1="1" ind2=" " tag="029"><mx:subfield code="a">DKDLA</mx:subfield><mx:subfield code="b">870970-basis:22223569</mx:subfield></mx:datafield><mx:datafield ind1=" " ind2=" " tag="040"><mx:subfield code="a">DKDLA</mx:subfield><mx:subfield code="b">dan</mx:subfield><mx:subfield code="c">DKDLA</mx:subfield></mx:datafield><mx:datafield ind1=" " ind2=" " tag="084"><mx:subfield code="a">38.88</mx:subfield><mx:subfield code="2">z</mx:subfield></mx:datafield><mx:datafield ind1="1" ind2="0" tag="245"><mx:subfield code="a">Evaluering af døgnbehandlingsindsatsen overfor stofmisbrugere:</mx:subfield><mx:subfield code="b">på institutionerne Opbygningsgården, Hjulsøgård, Kråsiglund og Gunderuplund : Delrapport 1: Evalueringsmetoden, Delrapport2: Behandlerne og behandlingskulturerne/</mx:subfield><mx:subfield code="c">Narkoevalueringsgruppen i Århus ; Mads Uffe Pedersen ... [et al.]</mx:subfield></mx:datafield><mx:datafield ind1=" " ind2=" " tag="260"><mx:subfield code="a">[Risskov] :</mx:subfield><mx:subfield code="b">Center for Rusmiddelforskning, Ꜳrhus Universitet,</mx:subfield><mx:subfield code="c">1997</mx:subfield></mx:datafield><mx:datafield ind1=" " ind2=" " tag="300"><mx:subfield code="a">Ca. 140 sider :</mx:subfield><mx:subfield code="b">ill.</mx:subfield></mx:datafield><mx:datafield ind1="1" ind2=" " tag="490"><mx:subfield code="a">Evalueringsrapport / Center for Rusmiddelforskning, Ꜳrhus Universitet</mx:subfield></mx:datafield><mx:datafield ind1="1" ind2=" " tag="700"><mx:subfield code="a">Pedersen, Mads Uffe</mx:subfield></mx:datafield><mx:datafield ind1="2" ind2=" " tag="710"><mx:subfield code="a">Ꜳrhus Universitet.</mx:subfield><mx:subfield code="b">Center for Rusmiddelforskning</mx:subfield></mx:datafield><mx:datafield ind1="2" ind2=" " tag="710"><mx:subfield code="a">Narkoevalueringsgruppen i Århus</mx:subfield></mx:datafield><mx:datafield ind1=" " ind2="0" tag="830"><mx:subfield code="a">Evalueringsrapport (Center for Rusmiddelforskning, Ꜳrhus Universitet)</mx:subfield></mx:datafield><mx:datafield ind1=" " ind2=" " tag="901"><mx:subfield code="a">362</mx:subfield></mx:datafield></mx:record><hs activity="insert">DKDLA</hs><hs activity="insert">DKB</hs></marc21></of:formatResponse></SOAP-ENV:Body></SOAP-ENV:Envelope>
